%% This BibTeX bibliography file was created using BibDesk.
%% http://bibdesk.sourceforge.net/


%% Created for Tigran Bagramyan at 2013-10-05 16:55:02 +0400 


%% Saved with string encoding Unicode (UTF-8) 



@article{B,
	Author = {Bagramyan, T. E.},
	Date-Added = {2013-10-05 12:53:28 +0000},
	Date-Modified = {2013-10-05 12:54:56 +0000},
	Journal = {Vladikavkaz. Mat. Zh.},
	Number = {1},
	Pages = {22-36},
	Title = {Optimal recovery of holomorphic functions from inaccurate information on the values of the radial integration operator},
	Volume = {14},
	Year = {2012}}

@article{D,
	Author = {Degraw , A. J.},
	Date-Added = {2013-10-05 12:47:44 +0000},
	Date-Modified = {2013-10-05 12:49:06 +0000},
	Journal = {American Journal of Computational Mathematics},
	Pages = {258-268},
	Title = {Optimal recovery of holomorphic functions from inaccurate information about radial integration},
	Volume = {2},
	Year = {2012}}

@article{MO3,
	Author = {Magaril-Il'yaev, G. G. and Osipenko, K. Yu.},
	Date-Added = {2013-09-25 15:06:40 +0000},
	Date-Modified = {2013-09-25 15:07:20 +0000},
	Journal = {Dokl. Math.},
	Number = {3},
	Title = {Hardy-Littlewood-Polya inequality and recovery of derivatives from inaccurate data},
	Volume = {83},
	Year = {2011}}

@article{O,
	Author = {Osipenko, K. Yu.},
	Date-Added = {2013-09-25 15:04:38 +0000},
	Date-Modified = {2013-09-25 15:06:23 +0000},
	Journal = {Math. Notes},
	Number = {12},
	Pages = {712-719},
	Title = {Optimal interpolation of analytic functions},
	Year = {1972}}

@article{MO,
	Address = {Vladikavkaz},
	Author = {Magaril-Il'yaev, G. G. and Osipenko, K. Yu.},
	Date-Added = {2013-09-25 15:01:38 +0000},
	Date-Modified = {2013-09-25 15:05:13 +0000},
	Journal = {Mathematical Forum. V.2. Researches on Calculus.},
	Pages = {158-192},
	Title = {Optimal recovery of operators from inaccurate information},
	Year = {2008}}

@article{OS,
	Author = {Osipenko, K. Yu. and Stessin, M.},
	Date-Added = {2013-09-25 14:59:54 +0000},
	Date-Modified = {2013-09-25 14:59:54 +0000},
	Journal = {Constr. Approx.},
	Language = {english},
	Number = 1,
	Pages = {37-67},
	Title = {Hadamard and Schwarz Type Theorems and Optimal Recovery in Spaces of Analytic Functions},
	Volume = 31,
	Year = 2010}

@book{Na,
	Address = {Stuttgart},
	Author = {Natterer, F.},
	Date-Added = {2013-09-25 14:59:50 +0000},
	Date-Modified = {2013-09-25 14:59:50 +0000},
	Language = {english},
	Publisher = {John Wiley \& Sons.},
	Title = {The Mathematics of Computerized Tomography},
	Year = 1986}

@article{LS,
	Author = {Logan, B. F. and Shepp, L. A.},
	Date-Added = {2013-09-25 14:59:41 +0000},
	Date-Modified = {2013-09-25 14:59:41 +0000},
	Journal = {Duke mathematical journal},
	Language = {english},
	Number = 4,
	Pages = {645-659},
	Title = {Optimal Reconstruction of a Function from its Projections},
	Volume = 42,
	Year = 1975}

@article{MR1,
	Author = {Michelli, C. A. and Rivlin, T. J.},
	Date-Added = {2013-09-25 14:58:47 +0000},
	Date-Modified = {2013-09-25 14:58:47 +0000},
	Journal = {Lecture Notes in Mathematics. Numerical Analysis},
	Language = {english},
	Pages = {21-93},
	Publisher = {Springer Berlin/Hidelberg},
	Title = {Lectures on Optimal Recovery},
	Volume = 1129,
	Year = 1984}

@article{MR,
	Author = {Michelli, C. A. and Rivlin, T. J.},
	Date-Added = {2013-09-25 14:58:44 +0000},
	Date-Modified = {2013-09-25 14:58:44 +0000},
	Editor = {C. A. Michelli and T. J. Rivlin},
	Journal = {Optimal Estimation in Approximation Theory},
	Language = {english},
	Pages = {1-54},
	Title = {A Survey of Optimal Recovery},
	Year = 1977}
